%% This BibTeX bibliography file was created using BibDesk.
%% http://bibdesk.sourceforge.net/

%% Created for David A Gold at 2017-04-15 15:58:01 -0700 


%% Saved with string encoding Unicode (UTF-8) 



@article{R88,
	Author = {P.M. Robinson},
	Date-Added = {2017-04-15 22:57:20 +0000},
	Date-Modified = {2017-04-15 22:58:01 +0000},
	Journal = {Econometrica},
	Number = {4},
	Pages = {931-954},
	Title = {Root-N-Consistent Semiparametric Regression},
	Volume = {56},
	Year = {1988}}

@article{AK01,
	Author = {Joshua D. Angrist and Alan B. Krueger},
	Date-Added = {2017-04-15 22:55:43 +0000},
	Date-Modified = {2017-04-15 22:56:46 +0000},
	Journal = {Journal of Economic Perspectives},
	Number = {4},
	Pages = {69-85},
	Title = {Instrumental Variables and the Search for Identification: From Supply and Demand to Natural Experiments},
	Volume = {15},
	Year = {2001}}

@book{P09,
	Author = {Judea Pearl},
	Date-Added = {2017-04-15 22:53:58 +0000},
	Date-Modified = {2017-04-15 22:55:07 +0000},
	Edition = {2nd},
	Publisher = {Cambridge University Press},
	Title = {Causality: Models, Reasoning and Inference},
	Year = {2009}}

@article{BW11,
	Author = {Maurice J.G. Buna and Frank Windmeijer},
	Date-Added = {2017-04-04 19:09:12 +0000},
	Date-Modified = {2017-04-04 19:10:01 +0000},
	Journal = {Economic Letters},
	Title = {A comparison of bias approximations for the two-stage least squares (2SLS) estimator},
	Year = {2011}}

@article{AK91,
	Author = {Joshua D. Angrist and Alan B. Krueger},
	Date-Added = {2017-04-04 18:29:03 +0000},
	Date-Modified = {2017-04-04 18:30:05 +0000},
	Journal = {The Quarterly Journal of Economics},
	Title = {Does Compulsory School Attendance Affect Schooling and Earnings?},
	Year = {1991}}

@book{BvdG11,
	Author = {Peter B{\"u}hlmann and Sara van de Geer},
	Date-Added = {2017-04-04 17:53:22 +0000},
	Date-Modified = {2017-04-04 17:53:22 +0000},
	Publisher = {Springer},
	Title = {Statistics for High-Dimensional Data},
	Year = {2011}}

@article{GT14,
	Author = {Eric Gautier and Alexandre B. Tsybakov},
	Date-Added = {2017-04-04 17:41:55 +0000},
	Date-Modified = {2017-04-04 17:45:48 +0000},
	Journal = {ArXiv:1105.2454v4},
	Title = {High-Dimensional Instrumental Variables Regression and Confidence Sets},
	Year = {2014}}

@article{B94,
	Author = {Paul A. Becker},
	Date-Added = {2017-04-04 17:41:07 +0000},
	Date-Modified = {2017-04-04 17:41:38 +0000},
	Journal = {Econometrica},
	Title = {Alternative Approximations to the Distributions of the Instrumental Variable Estimators},
	Year = {1994}}

@article{F77,
	Author = {Wayne A. Fuller},
	Date-Added = {2017-04-04 17:39:56 +0000},
	Date-Modified = {2017-04-04 17:40:40 +0000},
	Journal = {Econometrica},
	Title = {Some Properties of a Modification of the Limited Information Estimator},
	Year = {1977}}

@article{HHN08,
	Author = {Christian Hansen and Jerry Hausman and Whitney Newey},
	Date-Added = {2017-04-04 17:38:52 +0000},
	Date-Modified = {2017-04-04 17:47:09 +0000},
	Journal = {Journal of Business and Economic Statistics},
	Title = {Estimation with Many Instrumental Variables},
	Year = {2008}}

@article{N97,
	Author = {Whitney K. Newey},
	Date-Added = {2017-04-04 02:55:48 +0000},
	Date-Modified = {2017-04-04 02:56:19 +0000},
	Journal = {Journal of Econometrics},
	Title = {Convergence rates and asymptotic normality for series estimators},
	Year = {1997}}

@article{BCH11,
	Author = {Alexandre Belloni and Victor Chernozhukov and Christian Hansen},
	Date-Added = {2017-04-04 02:46:06 +0000},
	Date-Modified = {2017-04-04 02:47:49 +0000},
	Journal = {Advances in Economics and Econometrics},
	Title = {Inference for High-Dimensional Sparse Econometric Models},
	Year = {2011}}
