%% This BibTeX bibliography file was created using BibDesk.
%% http://bibdesk.sourceforge.net/

%% Created for David A Gold at 2017-05-16 21:21:03 -0700 


%% Saved with string encoding Unicode (UTF-8) 



@article{H82,
	Author = {Lars Peter Hansen},
	Date-Added = {2017-05-17 04:20:15 +0000},
	Date-Modified = {2017-05-17 04:21:03 +0000},
	Journal = {Econometrica},
	Number = {4},
	Pages = {1029-1054},
	Title = {Large sample properties of generalized method of moments estimators},
	Volume = {50},
	Year = {1982}}

@article{A77,
	Author = {Takeshi Amemiya},
	Date-Added = {2017-05-17 04:08:35 +0000},
	Date-Modified = {2017-05-17 04:10:15 +0000},
	Journal = {Econometrica},
	Number = {4},
	Pages = {955-968},
	Title = {The maximum likelihood and the nonlinear three-stage least squares estimator in the general nonlinear simultaneous equation model},
	Volume = {45},
	Year = {1977}}

@article{MS72,
	Author = {Roberto S. Mariano and Takamitsu Sawa},
	Date-Added = {2017-05-17 03:15:14 +0000},
	Date-Modified = {2017-05-17 03:17:06 +0000},
	Journal = {Journal of the American Statistical Association},
	Number = {337},
	Pages = {159-163},
	Title = {The exact finite-sample distribution of the limited-information maximum likelihood estimator in the case of two included endogenous variables},
	Volume = {67},
	Year = {1972}}

@article{T53,
	Author = {Henri Theil},
	Date-Added = {2017-05-17 01:42:44 +0000},
	Date-Modified = {2017-05-17 01:49:14 +0000},
	Journal = {Centraal Planbureau Memorandum},
	Title = {Repeated least-squares applied to complete equation systems},
	Year = {1953}}

@article{A05,
	Author = {T. W. Anderson},
	Date-Added = {2017-05-16 20:00:22 +0000},
	Date-Modified = {2017-05-16 20:01:40 +0000},
	Journal = {Journal of Econometrics},
	Pages = {1-16},
	Title = {Origins of the limited information maximum likelihood estimator and two-stage least squares estimators},
	Volume = {127},
	Year = {2005}}

@article{S58,
	Author = {J. D. Sargan},
	Date-Added = {2017-05-16 19:58:41 +0000},
	Date-Modified = {2017-05-16 20:00:20 +0000},
	Journal = {Econometrica},
	Title = {The estimation of economic relationships using instrumental variables},
	Year = {1958}}

@article{B57,
	Author = {R. L. Basmann},
	Date-Added = {2017-05-16 19:57:32 +0000},
	Date-Modified = {2017-05-16 19:58:24 +0000},
	Journal = {Econometrica},
	Number = {1},
	Pages = {77-83},
	Title = {A generalized classical method of linear estimation of coefficients in a structural equation},
	Volume = {25},
	Year = {1957}}

@article{AR50,
	Author = {T. W. Anderson and Herman Rubin},
	Date-Added = {2017-05-16 19:55:30 +0000},
	Date-Modified = {2017-05-16 19:56:59 +0000},
	Journal = {The Annals of Mathematical Statistics},
	Number = {4},
	Pages = {570-582},
	Title = {The asymptotic properties of estimates of the parameters of a single equation in a complete system of stochastic equations},
	Volume = {21},
	Year = {1950}}

@article{BRT09,
	Author = {Peter J. Bickel and Ya'acov Ritov and Alexandre B. Tsybakov},
	Date-Added = {2017-05-15 18:59:55 +0000},
	Date-Modified = {2017-05-15 19:00:59 +0000},
	Journal = {The Annals of Statistics},
	Number = {4},
	Pages = {1705-1732},
	Title = {Simultaneous analysis of Lasso and Dantzig selector},
	Volume = {37},
	Year = {2009}}

@article{BC13,
	Author = {Alexandre Belloni and Victor Chernozhukov},
	Date-Added = {2017-05-15 18:45:37 +0000},
	Date-Modified = {2017-05-15 18:46:58 +0000},
	Journal = {Bernoulli},
	Number = {2},
	Pages = {521-547},
	Title = {Least squares after model selection in high-dimensional sparse models},
	Volume = {19},
	Year = {2013}}

@article{H02,
	Author = {Jingyong Hahn},
	Date-Added = {2017-05-15 14:19:07 +0000},
	Date-Modified = {2017-05-15 14:20:00 +0000},
	Journal = {Econometric Theory},
	Number = {1},
	Pages = {2002},
	Title = {Optimal Inference with Many Instruments},
	Volume = {18},
	Year = {2002}}

@article{K71,
	Author = {Harry Kelejian},
	Date-Added = {2017-05-15 14:08:01 +0000},
	Date-Modified = {2017-05-15 14:09:02 +0000},
	Journal = {Journal of the American Statistical Association},
	Pages = {373-374},
	Title = {Two-stage least squares and econometric systems linear in parameters but nonlinear in endogenous variables},
	Volume = {66},
	Year = {1971}}

@article{S82,
	Author = {Charles J. Stone},
	Date-Added = {2017-05-15 12:16:47 +0000},
	Date-Modified = {2017-05-15 12:18:34 +0000},
	Journal = {The Annals of Statistics},
	Number = {4},
	Pages = {1040-1053},
	Title = {Optimal global rates of convergence for nonparametric regression},
	Volume = {10},
	Year = {1982}}

@article{N90,
	Author = {Whitney K. Newey},
	Date-Added = {2017-05-04 02:58:32 +0000},
	Date-Modified = {2017-05-04 02:59:08 +0000},
	Journal = {Econometrica},
	Number = {4},
	Pages = {809-837},
	Title = {Efficient instrumental variables estimation of nonlinear models},
	Volume = {58},
	Year = {1990}}

@article{C87,
	Author = {Gary Chamberlain},
	Date-Added = {2017-05-04 02:56:17 +0000},
	Date-Modified = {2017-05-04 02:57:03 +0000},
	Journal = {Journal of Econometrics},
	Number = {3},
	Pages = {305-334},
	Title = {Asymptotic efficiency in estimation with conditional moment restrictions},
	Volume = {34},
	Year = {1987}}

@article{A74,
	Author = {Takeshi Amemiya},
	Date-Added = {2017-05-04 02:53:36 +0000},
	Date-Modified = {2017-05-04 02:54:37 +0000},
	Journal = {Journal of Econometrics},
	Pages = {105-110},
	Title = {The nonlinear two-stage least-squares estimator},
	Volume = {2},
	Year = {1974}}

@article{BCCH12,
	Author = {Alexandre Belloni and Daniel Chen and Victor Chernozhukov and Christian Hansen},
	Date-Added = {2017-05-04 02:10:22 +0000},
	Date-Modified = {2017-05-04 02:23:15 +0000},
	Eprint = {arXiv:1010.4345},
	Journal = {Econometrica},
	Number = {6},
	Pages = {2369--2429},
	Title = {Sparse models and methods for optimal instruments with an application to eminent domain},
	Volume = {80},
	Year = {2012}}

@article{R88,
	Author = {P.M. Robinson},
	Date-Added = {2017-04-15 22:57:20 +0000},
	Date-Modified = {2017-04-15 22:58:01 +0000},
	Journal = {Econometrica},
	Number = {4},
	Pages = {931-954},
	Title = {Root-N-Consistent Semiparametric Regression},
	Volume = {56},
	Year = {1988}}

@article{AK01,
	Author = {Joshua D. Angrist and Alan B. Krueger},
	Date-Added = {2017-04-15 22:55:43 +0000},
	Date-Modified = {2017-04-15 22:56:46 +0000},
	Journal = {Journal of Economic Perspectives},
	Number = {4},
	Pages = {69-85},
	Title = {Instrumental Variables and the Search for Identification: From Supply and Demand to Natural Experiments},
	Volume = {15},
	Year = {2001}}

@book{P09,
	Author = {Judea Pearl},
	Date-Added = {2017-04-15 22:53:58 +0000},
	Date-Modified = {2017-04-15 22:55:07 +0000},
	Edition = {2nd},
	Publisher = {Cambridge University Press},
	Title = {Causality: Models, Reasoning and Inference},
	Year = {2009}}

@article{BW11,
	Author = {Maurice J.G. Buna and Frank Windmeijer},
	Date-Added = {2017-04-04 19:09:12 +0000},
	Date-Modified = {2017-04-04 19:10:01 +0000},
	Journal = {Economic Letters},
	Title = {A comparison of bias approximations for the two-stage least squares (2SLS) estimator},
	Year = {2011}}

@article{AK91,
	Author = {Joshua D. Angrist and Alan B. Krueger},
	Date-Added = {2017-04-04 18:29:03 +0000},
	Date-Modified = {2017-04-04 18:30:05 +0000},
	Journal = {The Quarterly Journal of Economics},
	Title = {Does Compulsory School Attendance Affect Schooling and Earnings?},
	Year = {1991}}

@book{BvdG11,
	Author = {Peter B{\"u}hlmann and Sara van de Geer},
	Date-Added = {2017-04-04 17:53:22 +0000},
	Date-Modified = {2017-04-04 17:53:22 +0000},
	Publisher = {Springer},
	Title = {Statistics for High-Dimensional Data},
	Year = {2011}}

@article{GT14,
	Author = {Eric Gautier and Alexandre B. Tsybakov},
	Date-Added = {2017-04-04 17:41:55 +0000},
	Date-Modified = {2017-04-04 17:45:48 +0000},
	Journal = {ArXiv:1105.2454v4},
	Title = {High-Dimensional Instrumental Variables Regression and Confidence Sets},
	Year = {2014}}

@article{B94,
	Author = {Paul A. Becker},
	Date-Added = {2017-04-04 17:41:07 +0000},
	Date-Modified = {2017-04-04 17:41:38 +0000},
	Journal = {Econometrica},
	Title = {Alternative Approximations to the Distributions of the Instrumental Variable Estimators},
	Year = {1994}}

@article{F77,
	Author = {Wayne A. Fuller},
	Date-Added = {2017-04-04 17:39:56 +0000},
	Date-Modified = {2017-04-04 17:40:40 +0000},
	Journal = {Econometrica},
	Title = {Some Properties of a Modification of the Limited Information Estimator},
	Year = {1977}}

@article{HHN08,
	Author = {Christian Hansen and Jerry Hausman and Whitney Newey},
	Date-Added = {2017-04-04 17:38:52 +0000},
	Date-Modified = {2017-04-04 17:47:09 +0000},
	Journal = {Journal of Business and Economic Statistics},
	Title = {Estimation with Many Instrumental Variables},
	Year = {2008}}

@article{N97,
	Author = {Whitney K. Newey},
	Date-Added = {2017-04-04 02:55:48 +0000},
	Date-Modified = {2017-04-04 02:56:19 +0000},
	Journal = {Journal of Econometrics},
	Title = {Convergence rates and asymptotic normality for series estimators},
	Year = {1997}}

@article{BCH11,
	Author = {Alexandre Belloni and Victor Chernozhukov and Christian Hansen},
	Date-Added = {2017-04-04 02:46:06 +0000},
	Date-Modified = {2017-04-04 02:47:49 +0000},
	Journal = {Advances in Economics and Econometrics},
	Title = {Inference for High-Dimensional Sparse Econometric Models},
	Year = {2011}}
